<collection xmlns="http://www.loc.gov/MARC21/slim">
<record>
  <leader>02410nam0a22003611i 450 </leader>
  <controlfield tag="001">IT\ICCU\CNCE\034258</controlfield>
  <controlfield tag="005">20051007000000.0</controlfield>
  <datafield tag="012" ind1=" " ind2=" ">
    <subfield code="a">t,ru I6d. s,m; SeEt (3) 1597 (R)</subfield>
    <subfield code="2">fei</subfield>
  </datafield>
  <datafield tag="100" ind1=" " ind2=" ">
    <subfield code="a">19971229d1597        0itac0103    ba</subfield>
  </datafield>
  <datafield tag="101" ind1=" " ind2=" ">
    <subfield code="a">LAT</subfield>
  </datafield>
  <datafield tag="102" ind1=" " ind2=" ">
    <subfield code="a">IT</subfield>
  </datafield>
  <datafield tag="200" ind1="1" ind2=" ">
    <subfield code="a">℗Mar. Ant. Surgentis patricii et equitis Neap. ℗De Neapoli illustrata liber I. Cum adnotationibus Mutii fratris. Olim quaestoris parricidij, nunc regij patrimonij curatoris ...Ubi praeter praefecti praet. cum vicerege reliquorumque  antiquorum magistratuum cum nostris, comparationem, eorumque potestatem atque inter se, tum publice tum priuatim, ordinem &amp; praecellentiam; et praeter omnium huius regni tribunalium in iuredicundo ritum, quicquid ad optimum administrandae iustitiae cultum, ac urbis et regni regimen sit necessarium, perspicue commonstratur, qaestiones cinctis in supremis adivtorijs agitari solitae in causis etiam status hucusque non passim notae, proponuntur &amp; deciduntur ...</subfield>
  </datafield>
  <datafield tag="205" ind1=" " ind2=" ">
    <subfield code="a">Nunc primum in lucem editus, indice locupletatus</subfield>
  </datafield>
  <datafield tag="210" ind1=" " ind2=" ">
    <subfield code="a">Neapoli</subfield>
    <subfield code="c">ex typographia Stelliolae</subfield>
    <subfield code="d">ad Portam Regalem</subfield>
    <subfield code="d">1597</subfield>
  </datafield>
  <datafield tag="215" ind1=" " ind2=" ">
    <subfield code="a">\30!, 454, \2! p.</subfield>
    <subfield code="d">fol</subfield>
  </datafield>
  <datafield tag="620" ind1=" " ind2=" ">
    <subfield code="a">IT</subfield>
    <subfield code="d">Napoli</subfield>
  </datafield>
  <datafield tag="700" ind1=" " ind2="1">
    <subfield code="a">Sorgente,</subfield>
    <subfield code="b">Marco Antonio</subfield>
    <subfield code="3">IT\ICCU\CNCA\009799</subfield>
  </datafield>
  <datafield tag="702" ind1=" " ind2="1">
    <subfield code="a">Sorgente,</subfield>
    <subfield code="b">Muzio</subfield>
    <subfield code="3">IT\ICCU\CNCA\023886</subfield>
  </datafield>
  <datafield tag="712" ind1="0" ind2="0">
    <subfield code="a">Stigliola, Felice</subfield>
    <subfield code="3">IT\ICCU\CNCT\000606</subfield>
    <subfield code="4">650</subfield>
  </datafield>
  <datafield tag="790" ind1=" " ind2="1">
    <subfield code="a">Surgens,</subfield>
    <subfield code="b">Marcus Antonius</subfield>
    <subfield code="3">IT\ICCU\CNCA\017211</subfield>
    <subfield code="z">Sorgente, Marco Antonio</subfield>
  </datafield>
  <datafield tag="790" ind1=" " ind2="1">
    <subfield code="a">Surgens,</subfield>
    <subfield code="b">Mutius</subfield>
    <subfield code="3">IT\ICCU\CNCA\024363</subfield>
    <subfield code="z">Sorgente, Muzio</subfield>
  </datafield>
  <datafield tag="791" ind1="0" ind2="2">
    <subfield code="a">℗a ℗Porta Regale</subfield>
    <subfield code="c"> &lt;1595-1600&gt;</subfield>
    <subfield code="3">IT\ICCU\CNCT\004105</subfield>
    <subfield code="z">Stigliola, Felice</subfield>
  </datafield>
  <datafield tag="791" ind1="0" ind2="2">
    <subfield code="a">Typographia Stelliolae</subfield>
    <subfield code="c"> &lt;1595-1600&gt;</subfield>
    <subfield code="3">IT\ICCU\CNCT\005745</subfield>
    <subfield code="z">Stigliola, Felice</subfield>
  </datafield>
  <datafield tag="791" ind1="0" ind2="2">
    <subfield code="a">Stamperia dello Stigliola</subfield>
    <subfield code="c"> &lt;1595-1600&gt;</subfield>
    <subfield code="3">IT\ICCU\CNCT\005748</subfield>
    <subfield code="z">Stigliola, Felice</subfield>
  </datafield>
  <datafield tag="801" ind1=" " ind2="3">
    <subfield code="a">IT</subfield>
    <subfield code="b">ICCU</subfield>
    <subfield code="c">20201114</subfield>
  </datafield>
  <datafield tag="899" ind1=" " ind2=" ">
    <subfield code="a">Biblioteca del Museo provinciale campano. Capua</subfield>
    <subfield code="1">CE0010</subfield>
    <subfield code="2">CAM MC</subfield>
  </datafield>
  <datafield tag="899" ind1=" " ind2=" ">
    <subfield code="a">Biblioteca Apostolica Vaticana. Citt ̉del Vaticano</subfield>
    <subfield code="1">EX0001</subfield>
    <subfield code="2">ZCV 01</subfield>
  </datafield>
  <datafield tag="899" ind1=" " ind2=" ">
    <subfield code="a">Biblioteca nazionale Braidense. Milano</subfield>
    <subfield code="1">MI0185</subfield>
    <subfield code="2">MIL NB</subfield>
  </datafield>
  <datafield tag="899" ind1=" " ind2=" ">
    <subfield code="a">Biblioteca nazionale Vittorio Emanuele III. Napoli</subfield>
    <subfield code="1">NA0079</subfield>
    <subfield code="2">NAP BN</subfield>
  </datafield>
  <datafield tag="899" ind1=" " ind2=" ">
    <subfield code="a">Biblioteca di archeologia e storia dell&apos;arte. Roma</subfield>
    <subfield code="1">RM0117</subfield>
    <subfield code="2">BVE BA</subfield>
  </datafield>
  <datafield tag="899" ind1=" " ind2=" ">
    <subfield code="a">Biblioteca comunale Canonico Aniello Avallone. Cava dei Tirreni</subfield>
    <subfield code="z">MUTILO</subfield>
    <subfield code="1">SA0091</subfield>
    <subfield code="2">CAM S8</subfield>
  </datafield>
  <datafield tag="899" ind1=" " ind2=" ">
    <subfield code="a">Biblioteca Reale. Torino</subfield>
    <subfield code="1">TO0263</subfield>
    <subfield code="2">TO0 07</subfield>
  </datafield>
  <datafield tag="899" ind1=" " ind2=" ">
    <subfield code="a">British Library. London</subfield>
    <subfield code="1">UK0001</subfield>
  </datafield>
</record>
</collection>
